<?xml version="1.0" encoding="UTF-8"?><collection xmlns="http://www.loc.gov/MARC21/slim"><record><leader>00378nam--2200133-i-4500</leader><controlfield tag="001">000025386</controlfield><controlfield tag="002">20161230</controlfield><controlfield tag="005">20161230201035</controlfield><controlfield tag="008">060222s1000------------r-----000-0-eng-d</controlfield><datafield ind1=" " ind2=" " tag="080"><subfield code="a">681.31(03)</subfield></datafield><datafield ind1=" " ind2=" " tag="100"><subfield code="a">Jordain, Philip B</subfield></datafield><datafield ind1=" " ind2=" " tag="245"><subfield code="a">Condensed computer encyclopedia. assistant editor michael breslau</subfield></datafield><datafield ind1=" " ind2=" " tag="260"><subfield code="a">New York, Mcgraw-hill Book Co., 1969, Xv + 605p</subfield></datafield><datafield ind1=" " ind2=" " tag="852"><subfield code="a">32852</subfield></datafield></record></collection>